%% This BibTeX bibliography file was created using BibDesk.
%% http://bibdesk.sourceforge.net/


%% Created for Raffi Khatchadourian at 2015-07-10 00:15:49 -0400 


%% Saved with string encoding Unicode (UTF-8) 


@string{acta = {Acta Informatica}}

@string{addison = {Addison-Wesley}}

@string{aosd = {International Conference on Aspect-Oriented Software Development}}

@string{ase = {International Conference on Automated Software Engineering}}

@string{cav = {International Conference on Computer Aided Verification}}

@string{cc = {International Conference on Compiler Construction}}

@string{ecoop = {European Conference on Object-Oriented Programming}}

@string{eiwas = {European Interactive Workshop on Aspects in Software}}

@string{fase = {International Conference on Fundamental Aspects of Software Engineering}}

@string{foal = {International Workshop on Foundations of Aspect-Oriented Languages}}

@string{fse = {ACM SIGSOFT Symposium on the Foundations of Software Engineering}}

@string{icse = {International Conference on Software Engineering}}

@string{icsea = {Software Engineering Advances}}

@string{icsm = {International Conference on Software Maintenance}}

@string{issre = {International Symposium on Software Reliability Engineering}}

@string{issta = {International Symposium on Software Testing and Analysis}}

@string{joop = {Journal of Object-Oriented Programming}}

@string{late = {International Conference on Linking Aspect Technology and Evolution}}

@string{oopsla = {ACM SIGPLAN International Conference on Object-Oriented Programming, Systems, Languages, and Applications}}

@string{paste = {ACM SIGPLAN-SIGSOFT Workshop on Program Analysis for Software Tools and Engineering}}

@string{pldi = {ACM SIGPLAN Conference on Programming Language Design and Implementation}}

@string{popl = {ACM SIGPLAN-SIGACT Symposium on Principles of Programming Languages}}

@string{pppj = {Principles and Practice of Programming in Java}}

@string{prentice = {Prentice Hall}}

@string{ram-se = {Reflection, AOP, and Meta-Data for Software Evolution}}

@string{req = {Requirements Engineering}}

@string{sas = {Static Analysis Symposium}}

@string{scam = {International Working Conference on Source Code Analysis and Manipulation}}

@string{sepconcern = {Advanced Separation of Concerns}}

@string{siam = {Society for Industrial and Applied Mathematics}}

@string{springer = {Springer-Verlag}}

@string{toplas = {ACM Transactions on Programming Languages and Systems}}

@string{tosem = {ACM Transactions on Software Engineering and Methodology}}

@string{tse = {IEEE Transactions on Software Engineering}}


@book{gosling2014java,
	Author = {Gosling, James and Joy, Bill and Steele, Guy and Bracha, Gilad and Buckley, Alex},
	Date-Added = {2015-07-10 03:36:56 +0000},
	Date-Modified = {2015-07-10 03:37:06 +0000},
	Publisher = {Pearson Education},
	Title = {The Java Language Specification},
	Year = {2014}}

@misc{lambdaqs,
	Author = {{Oracle Corporation}},
	Date-Added = {2015-07-10 02:34:18 +0000},
	Date-Modified = {2015-07-10 04:14:36 +0000},
	Title = {Java {SE8}: Lambda Quick Start},
	Url = {http://www.oracle.com/webfolder/technetwork/tutorials/obe/java/Lambda-QuickStart/index.html},
	Urldate = {2015-07-07},
	Year = {2015}}

@misc{newjdk,
	Author = {{Oracle Corporation}},
	Date-Added = {2015-07-10 02:25:18 +0000},
	Date-Modified = {2015-07-10 04:15:49 +0000},
	Title = {What's New in JDK 8},
	Url = {http://www.oracle.com/technetwork/java/javase/8-whats-new-2157071.html},
	Urldate = {2015-07-07},
	Year = {2015}}

@inproceedings{gyori2013,
	Author = {Gyori, Alex and Franklin, Lyle and Dig, Danny and Lahoda, Jan},
	Booktitle = fse,
	Date-Added = {2015-07-07 14:57:55 +0000},
	Date-Modified = {2015-07-10 01:42:48 +0000},
	Title = {Crossing the Gap from Imperative to Functional Programming Through Refactoring},
	Year = {2013},
	Bdsk-Url-1 = {http://doi.acm.org/10.1145/2491411.2491461},
	Bdsk-Url-2 = {http://dx.doi.org/10.1145/2491411.2491461}}
